@phdthesis{win1970shrdlu,
    author = {Winograd, Terry},
    citeulike-article-id = {2192782},
    institution = {MIT},
    keywords = {conversation\_simulation, gradu},
    month = feb,
    posted-at = {2008-01-04 00:51:41},
    priority = {2},
    series = {MIT AI Technical Report},
    title = {{Procedures as a Representation for Data in a Computer Program for Understanding Natural Language}},
    volume = {235},
    year = {1971}
}


