@Book{gf,
  author = {Aarne Ranta},
  title =  {{Grammatical Framework:
             Programming with Multilingual Grammars}},
  publisher = {{CSLI Publications}},
  year = {2011},
  address = "Stanford",
  note = "ISBN-10: 1-57586-626-9 (Paper), 1-57586-627-7 (Cloth)"
}

@phdthesis{win1970shrdlu,
    author = {Winograd, Terry},
    citeulike-article-id = {2192782},
    institution = {MIT},
    keywords = {conversation\_simulation, gradu},
    month = feb,
    posted-at = {2008-01-04 00:51:41},
    priority = {2},
    series = {MIT AI Technical Report},
    title = {{Procedures as a Representation for Data in a Computer Program for Understanding Natural Language}},
    volume = {235},
    year = {1971}
}

@BOOK {probabilistic_programming,
    author    = "Cameron Davidson-Pilon",
    title     = "Bayesian Methods for Hackers",
    publisher = "Addison-Wesley Data \& Analytics",
    year      = "2015",
    edition   = "first",
    crossref  = "probabilistic_programming",
    note      = "https://github.com/CamDavidsonPilon/Probabilistic-Programming-and-Bayesian-Methods-for-Hackers"
}


